@Book{Fureby2000,
  author    = {Fureby, C. and Tabor, G. and Weller, H. G. and Gosman, A. D.},
  publisher = {AIAA Journal},
  title     = {Large eddy simulation of the flow around asquare prism},
  year      = {2000},
}

@Book{Strelets2001,
  author    = {Strelets, M.},
  publisher = {AIAA Journal},
  title     = {Detached eddy simulation of massively separated flows},
  year      = {2001},
}

@Book{Белов2001,
  author    = {Белов, И. А. and Исаев, С. А.},
  publisher = {СПб: Изд-во БГТУ},
  title     = {Моделирование турбулентных течений},
  year      = {2001},
}

@Comment{jabref-meta: databaseType:bibtex;}

@Comment{jabref-meta: fileDirectoryLatex-xxxdj-DJEsc:D:\\Github\\diploma\\Files\\RU;}

@Comment{jabref-meta: saveActions:disabled;
all-text-fields[identity]
date[normalize_date]
month[normalize_month]
pages[normalize_page_numbers]
;}
