@Article{Berdahl1993,
  author  = {Berdahl, C. H. and Thompson, D. S.},
  journal = {AIAA Journal},
  title   = {Eduction of swirling structure using the velocity gradient tensor},
  year    = {1993},
}

@Book{Cabot2000,
  author    = {Cabot, W.},
  title     = {Large-eddy simulation with wall models},
  publisher = {Annual research briefs Center for Turbulence Research},
  year      = {2000},
}

@Article{Chong1990,
  author  = {Chong, M. S. and Perry, A. E. and Cantwell, B. J.},
  journal = {Phys. Fluids.},
  title   = {A general classification of three-dimensional flow field},
  year    = {1990},
}

@Book{Fureby2000,
  author    = {Fureby, C. and Tabor, G. and Weller, H. G. and Gosman, A. D.},
  title     = {Large eddy simulation of the flow around asquare prism},
  publisher = {AIAA Journal},
  year      = {2000},
}

@Article{Hunt1988,
  author  = {Hunt, J. and Wray, A. and Moin, P.},
  journal = {Center forTurbulent Research},
  title   = {Eddies, stream, and convergence zones in turbulent flows},
  year    = {1988},
}

@Article{Lundgren1969,
  author       = {T. S. Lundgren},
  date         = {1969},
  journaltitle = {Physics of Fluids},
  title        = {Model Equation for Nonhomogeneous Turbulence},
  publisher    = {AIP Publishing},
}

@Article{Nicoud1999,
  author    = {F. Nicoud and F. Ducros},
  title     = {Subgrid-Scale Stress Modelling Based on the Square of the Velocity Gradient Tensor},
  journal   = {Flow, Turbulence and Combustion},
  publisher = {Springer Science and Business Media {LLC}},
  year      = {1999},
}

@Book{Strelets2001,
  author    = {Strelets, M.},
  title     = {Detached eddy simulation of massively separated flows},
  publisher = {AIAA Journal},
  year      = {2001},
}

@Article{Sun2008,
  author       = {Dong-Liang Sun and Zhi-Guo Qu and Ya-Ling He and Wen-Quan Tao},
  date         = {2008},
  journaltitle = {International journal for numerical methods in fluids},
  title        = {Performance analysis of IDEAL algorithm for three-dimensional incompressible fluid flow problems},
}

@Article{Wiebel2007,
  author  = {Wiebel, A. and Tricoche, X. and Schneider, D. and Jaenicke, H. and Scheuermann, G.},
  journal = {IEEE Transact. Visualizat. Comput. Graphics.},
  title   = {Generalized streak lines: analysis and visualization of boundary induced vortices},
  year    = {2007},
}

@Book{Белов2001,
  author    = {Белов, И. А. and Исаев, С. А.},
  title     = {Моделирование турбулентных течений},
  publisher = {СПб: Изд-во БГТУ},
  year      = {2001},
}

@Book{Волков2005,
  author    = {Волков, К. Н. and Емельянов, В. Н.},
  publisher = {Военмех, Спб},
  title     = {Моделирование крупных вихрей в расчётах турбулентных течений},
  year      = {2005},
}

@Book{Монин1992,
  author    = {Монин, А. С. and Яглом, A. M.},
  title     = {Статистическая гидромеханика},
  publisher = {СПб:Гидрометеоиздат},
  year      = {1992},
}

@Comment{jabref-meta: databaseType:biblatex;}

@Comment{jabref-meta: fileDirectoryLatex-xxxdj-DJEsc:D:\\Github\\diploma\\Files\\RU;}

@Comment{jabref-meta: saveActions:disabled;
all-text-fields[identity]
date[normalize_date]
month[normalize_month]
pages[normalize_page_numbers]
;}

@Comment{jabref-meta: saveOrderConfig:specified;citationkey;false;author;false;title;false;}
